
@book{torta_3d_2019,
	address = {Dulles, Virginia Boston, Massachusetts},
	title = {{3D} printing: an introduction},
	isbn = {978-1-68392-209-4},
	shorttitle = {{3D} printing},
	language = {en},
	publisher = {Mercury Learning and Information},
	author = {Torta, Stephanie and Torta, Jonathan},
	year = {2019},
	keywords = {Patrick, read ✅},
	file = {Torta und Torta - 2019 - 3D printing an introduction.pdf:C\:\\Users\\Patri\\Zotero\\storage\\XANDF3E9\\Torta und Torta - 2019 - 3D printing an introduction.pdf:application/pdf},
}

@book{wijk_3d_2015,
	address = {Amsterdam, Netherlands},
	title = {{3D} printing with biomaterials: towards a sustainable and circular economy},
	isbn = {978-1-61499-486-2},
	shorttitle = {{3D} printing with biomaterials},
	abstract = {Additive manufacturing or 3D printing, manufacturing a product layer by layer, offers large design freedom and faster product development cycles, as well as low startup cost of production, on-demand production and local production. In principle, any product could be made by additive manufacturing. Even food and living organic cells can be printed. We can create, design and manufacture what we want at the location we want. 3D printing will create a revolution in manufacturing, a real paradigm change. 3D printing holds the promise to manufacture with less waste and energy. We can print metals, ceramics, sand, synthetic materials such as plastics, food or living cells. However, the production of plastics is nowadays based on fossil fuels. And that's where we witness a paradigm change too. The production of these synthetic materials can be based also on biomaterials with biomass as feedstock. A wealth of new and innovative products are emerging when we combine these two paradigm changes: 3D printing and biomaterials. Moreover, the combination of 3D printing with biomaterials holds the promise to realize a truly sustainable and circular economy},
	language = {en},
	publisher = {IOS Press},
	author = {Wijk, Ad van and Wijk, Iris van},
	year = {2015},
	note = {OCLC: 1355223395},
	keywords = {Patrick, read ✅},
	file = {Wijk und Wijk - 2015 - 3D printing with biomaterials towards a sustainab.pdf:C\:\\Users\\Patri\\Zotero\\storage\\U3YIYZ54\\Wijk und Wijk - 2015 - 3D printing with biomaterials towards a sustainab.pdf:application/pdf},
}

@article{oke_awareness_2022,
	title = {Awareness of {3D} {Printing} for {Sustainable} {Construction} in an {Emerging} {Economy}},
	volume = {22},
	issn = {2204-9029},
	url = {https://epress.lib.uts.edu.au/journals/index.php/AJCEB/article/view/8015},
	doi = {10.5130/AJCEB.v22i2.8015},
	abstract = {OF 3D PRINTING TECHNOLOGIES This section highlighted and discussed existing studies on 3D printing technologies. The summary is made in table 1.},
	language = {en},
	number = {2},
	urldate = {2024-03-02},
	journal = {Construction Economics and Building},
	author = {Oke, Ayodeji and Atofarati, John and Bello, Sherifat},
	month = jun,
	year = {2022},
	keywords = {Patrick, read ✅},
	file = {Oke et al. - 2022 - Awareness of 3D Printing for Sustainable Construct.pdf:C\:\\Users\\Patri\\Zotero\\storage\\WNQE8FQY\\Oke et al. - 2022 - Awareness of 3D Printing for Sustainable Construct.pdf:application/pdf},
}

@article{monaco_practical_2024,
	title = {Practical applications of three‐dimensional printing for process improvement in the cytopathology laboratory},
	volume = {132},
	issn = {1934-662X, 1934-6638},
	url = {https://acsjournals.onlinelibrary.wiley.com/doi/10.1002/cncy.22736},
	doi = {10.1002/cncy.22736},
	abstract = {Abstract
            With the increased availability of three‐dimensional (3D) printers, innovative teaching and training materials have been created in medical fields. For pathology, the use of 3D printing has been largely limited to anatomic representations of disease processes or the development of supplies during the coronavirus disease 2019 pandemic. Herein, an institution's 3D printing laboratory and staff with expertise in additive manufacturing illustrate how this can address design issues in cytopathology specimen collection and processing. The authors' institutional 3D printing laboratory, along with students and trainees, used computer‐aided design and 3D printers to iterate on design, create prototypes, and generate final usable materials using additive manufacturing. The program Microsoft Forms was used to solicit qualitative and quantitative feedback. The 3D‐printed models were created to assist with cytopreparation, rapid on‐site evaluation, and storage of materials in the preanalytical phase of processing. These parts provided better organization of materials for cytology specimen collection and staining, in addition to optimizing storage of specimens with multiple sized containers to optimize patient safety. The apparatus also allowed liquids to be stabilized in transport and removed faster at the time of rapid on‐site evaluation. Rectangular boxes were also created to optimally organize all components of a specimen in cytopreparation to simplify and expedite the processes of accessioning and processing, which can minimize errors. These practical applications of 3D printing in the cytopathology laboratory demonstrate the utility of the design and printing process on improving aspects of the workflow in cytopathology laboratories to maximize efficiency, organization, and patient safety.
          , 
            Novel and innovative ways to solve problems in the cytopathology laboratory are now possible with the increased access and decreased cost of three‐dimensional (3D) printers. In this report, an institution shares how expertise in 3D design and access to a 3D printing laboratory can help to create customized materials to address design issues in cytopathology specimen collection and processing.},
	language = {en},
	number = {2},
	urldate = {2024-03-02},
	journal = {Cancer Cytopathology},
	author = {Monaco, Edward A. and Reed, Toby and Lynn, Terrance J. and Rimini, Sarah A. and Patel, Aalpen A. and Monaco, Sara E. and Patterson, Brian S.},
	month = feb,
	year = {2024},
	keywords = {Patrick, read ✅},
	pages = {75--83},
	file = {Cancer Cytopathology - 2023 - Monaco - Practical applications of three‐dimensional printing for process improvement in the.pdf:C\:\\Users\\Patri\\Zotero\\storage\\UVRMV5RM\\Cancer Cytopathology - 2023 - Monaco - Practical applications of three‐dimensional printing for process improvement in the.pdf:application/pdf},
}

@article{leung_guide_2022,
	title = {A guide to the organ-on-a-chip},
	volume = {2},
	issn = {2662-8449},
	url = {https://www.nature.com/articles/s43586-022-00118-6},
	doi = {10.1038/s43586-022-00118-6},
	abstract = {Organs-o n-chips (OoCs) are systems containing engineered or natural miniature tissues grown inside microfluidic chips. To better mimic human physiology, the chips are designed to control cell microenvironments and maintain tissue-s pecific functions. Combining advances in tissue engineering and microfabrication, OoCs have gained interest as a next-g eneration experimental platform to investigate human pathophysiology and the effect of therapeutics in the body. There are as many examples of OoCs as there are applications, making it difficult for new researchers to understand what makes one OoC more suited to an application than another. This Primer is intended to give an introduction to the aspects of OoC that need to be considered when developing an application-s pecific OoC. The Primer covers guiding principles and considerations to design, fabricate and operate an OoC, as well as subsequent assaying techniques to extract biological information from OoC devices. Alongside this is a discussion of current and future applications of OoC technology, to inform design and operational decisions during the implementation of OoC systems.},
	language = {en},
	number = {1},
	urldate = {2024-03-02},
	journal = {Nature Reviews Methods Primers},
	author = {Leung, Chak Ming and De Haan, Pim and Ronaldson-Bouchard, Kacey and Kim, Ge-Ah and Ko, Jihoon and Rho, Hoon Suk and Chen, Zhu and Habibovic, Pamela and Jeon, Noo Li and Takayama, Shuichi and Shuler, Michael L. and Vunjak-Novakovic, Gordana and Frey, Olivier and Verpoorte, Elisabeth and Toh, Yi-Chin},
	month = may,
	year = {2022},
	keywords = {Patrick, read ✅},
	pages = {33},
	file = {Leung et al. - 2022 - A guide to the organ-on-a-chip.pdf:C\:\\Users\\Patri\\Zotero\\storage\\6EEKIBH9\\Leung et al. - 2022 - A guide to the organ-on-a-chip.pdf:application/pdf},
}

@article{wang_potential_2023,
	title = {The potential of {3D} printing in facilitating carbon neutrality},
	volume = {130},
	issn = {10010742},
	url = {https://linkinghub.elsevier.com/retrieve/pii/S1001074222005162},
	doi = {10.1016/j.jes.2022.10.024},
	language = {en},
	urldate = {2024-03-02},
	journal = {Journal of Environmental Sciences},
	author = {Wang, Dingyi and Zhang, Tingting and Guo, Xudong and Ling, Dayi and Hu, Ligang and Jiang, Guibin},
	month = aug,
	year = {2023},
	keywords = {Philipp},
	pages = {85--91},
	file = {Wang et al. - 2023 - The potential of 3D printing in facilitating carbo.pdf:C\:\\Users\\Patri\\Zotero\\storage\\PWVMCKSW\\Wang et al. - 2023 - The potential of 3D printing in facilitating carbo.pdf:application/pdf},
}

@article{garmulewicz_disruptive_2018,
	title = {Disruptive {Technology} as an {Enabler} of the {Circular} {Economy}: {What} {Potential} {Does} {3D} {Printing} {Hold}?},
	volume = {60},
	issn = {0008-1256, 2162-8564},
	shorttitle = {Disruptive {Technology} as an {Enabler} of the {Circular} {Economy}},
	url = {http://journals.sagepub.com/doi/10.1177/0008125617752695},
	doi = {10.1177/0008125617752695},
	abstract = {Three-dimensional (3D) printing has been widely identified as an emerging disruptive technology. This study examines how this technology could enable the circular economy by disrupting the existing materials value chain. Specifically, could this novel technology be used to locally manufacture new goods from local sources of recycled plastic waste, thereby offering benefits for the efficiency and effectiveness of materials cycling? This article uses the London metropolitan area—where system conditions already exist in the form of material flows, technology policy, and facilities—in order to assess 3D printing’s viability as an enabler of a circular economy at the local level. An analysis of stakeholder perceptions identifies economic, technological, social, organizational, and regulatory barriers to mainstream implementation, and their likelihood of being overcome.},
	language = {en},
	number = {3},
	urldate = {2024-03-02},
	journal = {California Management Review},
	author = {Garmulewicz, Alysia and Holweg, Matthias and Veldhuis, Hans and Yang, Aidong},
	month = may,
	year = {2018},
	keywords = {Philipp},
	pages = {112--132},
	file = {Garmulewicz et al. - 2018 - Disruptive Technology as an Enabler of the Circula.pdf:C\:\\Users\\Patri\\Zotero\\storage\\XQSQEE75\\Garmulewicz et al. - 2018 - Disruptive Technology as an Enabler of the Circula.pdf:application/pdf},
}

@book{feldmann_digitale_2019,
	address = {Wiesbaden},
	title = {Digitale {Geschäftsmodell}-{Innovationen} mit {3D}-{Druck}: {Erfolgreich} entwickeln und umsetzen},
	isbn = {978-3-658-25161-1 978-3-658-25162-8},
	shorttitle = {Digitale {Geschäftsmodell}-{Innovationen} mit {3D}-{Druck}},
	url = {http://link.springer.com/10.1007/978-3-658-25162-8},
	language = {de},
	urldate = {2024-03-02},
	publisher = {Springer Fachmedien Wiesbaden},
	author = {Feldmann, Carsten and Schulz, Colin and Fernströning, Sebastian},
	year = {2019},
	doi = {10.1007/978-3-658-25162-8},
	keywords = {Philipp},
	file = {Feldmann et al. - 2019 - Digitale Geschäftsmodell-Innovationen mit 3D-Druck.pdf:C\:\\Users\\Patri\\Zotero\\storage\\ZSQLYVPK\\Feldmann et al. - 2019 - Digitale Geschäftsmodell-Innovationen mit 3D-Druck.pdf:application/pdf},
}

@misc{gilpin_3d_2014,
	title = {{3D} printing: 10 companies using it in ground-breaking ways},
	url = {https://www.techrepublic.com/article/3d-printing-10-companies-using-it-in-ground-breaking-ways/},
	author = {Gilpin, Lyndsey},
	month = mar,
	year = {2014},
	keywords = {Philipp},
	file = {3D printing 10 companies using it in ground-break.pdf:C\:\\Users\\Patri\\Zotero\\storage\\9JL8ELPG\\3D printing 10 companies using it in ground-break.pdf:application/pdf},
}

@article{van_oudheusden_3d_2023,
	title = {{3D} {Printing} for {Repair}: {An} {Approach} for {Enhancing} {Repair}},
	volume = {15},
	issn = {2071-1050},
	shorttitle = {{3D} {Printing} for {Repair}},
	url = {https://www.mdpi.com/2071-1050/15/6/5168},
	doi = {10.3390/su15065168},
	abstract = {The availability and storage of spare parts are the main barriers to product repair. One possibility would be to 3D print spare parts, which would also enable the repair of products not intended to be repaired. Besides manufacturers, 3D printing spare parts is an interesting option for self-repair by consumers. However, the digitisation of spare parts for 3D printing is a challenge. There is little guidance on how to make a 3D-printed version of the original part. This paper establishes a framework through a literature review and experimental study to describe how to use 3D printing to produce spare parts for repair. Additionally, qualitative data coding was used to ﬁnd the inﬂuence of previous experience, process implementation, and part complexity on the overall success of the 3D printing for repair (3DPfR) process. Our study showed that the 3DPfR process can be described as an iterative design for an additive manufacturing process that is integrated into a repair process. Additionally, it was found that the incorrect implementation of process steps was the most important predictor of the repair result. The steps that were performed incorrectly the most were synthesising design concepts (64\%) and validating print quality (also 64\%).},
	language = {en},
	number = {6},
	urldate = {2024-03-08},
	journal = {Sustainability},
	author = {Van Oudheusden, Alma Van and Bolaños Arriola, Julieta Bolaños and Faludi, Jeremy and Flipsen, Bas and Balkenende, Ruud},
	month = mar,
	year = {2023},
	keywords = {Philipp},
	pages = {5168},
	file = {Van Oudheusden et al. - 2023 - 3D Printing for Repair An Approach for Enhancing .pdf:C\:\\Users\\Patri\\Zotero\\storage\\PYGLR237\\Van Oudheusden et al. - 2023 - 3D Printing for Repair An Approach for Enhancing .pdf:application/pdf},
}

@techreport{f42_committee_terminology_2013,
	title = {Terminology for {Additive} {Manufacturing} {Technologies},},
	url = {http://www.astm.org/cgi-bin/resolver.cgi?F2792-12A},
	language = {en},
	urldate = {2024-03-08},
	institution = {ASTM International},
	author = {{F42 Committee}},
	year = {2013},
	doi = {10.1520/F2792-12A},
	file = {F42 Committee - Terminology for Additive Manufacturing Technologie.pdf:C\:\\Users\\Patri\\Zotero\\storage\\NCXFINC8\\F42 Committee - Terminology for Additive Manufacturing Technologie.pdf:application/pdf},
}

@misc{noauthor_nasa_2020,
	title = {{NASA} {Looks} to {Advance} {3D} {Printing} {Construction} {Systems} for the {Moon} and {Mars} - {NASA}},
	url = {https://www.nasa.gov/technology/manufacturing-materials-3-d-printing/nasa-looks-to-advance-3d-printing-construction-systems-for-the-moon-and-mars/},
	abstract = {The process of building landing pads, habitats, and roads on the Moon will likely look different than the common construction site on Earth. Excavation},
	language = {en-US},
	urldate = {2024-03-09},
	month = oct,
	year = {2020},
	note = {Section: Game Changing Development Program},
	keywords = {Patrick},
	file = {Snapshot:C\:\\Users\\Patri\\Zotero\\storage\\B5CP5HD3\\nasa-looks-to-advance-3d-printing-construction-systems-for-the-moon-and-mars.html:text/html},
}

@article{brandstotter_roboterbasierter_2023,
	title = {Roboterbasierter {3D}-{Druck} mit neuen {Dimensionen}},
	volume = {140},
	issn = {0932-383X, 1613-7620},
	url = {https://link.springer.com/10.1007/s00502-023-01163-z},
	doi = {10.1007/s00502-023-01163-z},
	abstract = {Zusammenfassung
            Der roboterbasierte 3D-Druck ermöglicht neue Dimensionen der additiven Fertigung. Im Gegensatz zu herkömmlichen 3D-Druckern, die in der Regel auf einem festen Druckbett arbeiten, wird ein Roboterarm als Bewegungsplattform verwendet. Dies eröffnet neue Möglichkeiten in Bezug auf Designfreiheit, Material- und Prozessvielfalt. Da Roboterarme komplexe Bewegungen ausführen können, sind sie in der Lage, 3D-Objekte mit sehr komplexen Strukturen und Geometrien zu drucken, die Notwendigkeit von Stützmaterial zu reduzieren oder zu eliminieren sowie eine Vielzahl von Materialien zu verarbeiten, darunter auch solche mit sehr unterschiedlichen Eigenschaften, wie Elastomere, Metalle oder Verbundwerkstoffe. Das Druckverfahren kann je nach Material und Anforderungen angepasst werden. Dies eröffnet die Möglichkeit, ein breites Spektrum von Anwendungen zu optimieren, insbesondere im Hinblick auf Design, Funktionsintegrität und Prozessoptimierung.
          , 
            Abstract
            Robot-based 3D printing enables new dimensions in additive manufacturing. In contrast to conventional 3D printers, which usually work on a fixed print bed, a robotic arm is used as a motion platform. This opens up new possibilities in terms of design freedom, material and process diversity. Because robotic arms can perform complex movements, they are able to print 3D objects with very complex structures and geometries, reduce or eliminate the need for support material and process a variety of materials, including those with very different properties, such as elastomers, metals or composites. The printing process can be adapted depending on the material and requirements. This opens up the possibility of optimizing a wide range of applications, especially in terms of design, functional integrity and process optimization.},
	language = {de},
	number = {6},
	urldate = {2024-03-16},
	journal = {e \& i Elektrotechnik und Informationstechnik},
	author = {Brandstötter, Mathias and Petersmann, Sandra and Bosch, Julian},
	month = oct,
	year = {2023},
	pages = {536--540},
	file = {Brandstötter et al. - 2023 - Roboterbasierter 3D-Druck mit neuen Dimensionen.pdf:C\:\\Users\\Patri\\Zotero\\storage\\JBA734BF\\Brandstötter et al. - 2023 - Roboterbasierter 3D-Druck mit neuen Dimensionen.pdf:application/pdf},
}

@book{feldmann_3d-druck_2016,
	address = {Wiesbaden},
	series = {essentials},
	title = {{3D}-{Druck} – {Verfahrensauswahl} und {Wirtschaftlichkeit}},
	isbn = {978-3-658-15195-9 978-3-658-15196-6},
	url = {http://link.springer.com/10.1007/978-3-658-15196-6},
	language = {de},
	urldate = {2024-03-16},
	publisher = {Springer Fachmedien Wiesbaden},
	author = {Feldmann, Carsten and Pumpe, Andreas},
	year = {2016},
	doi = {10.1007/978-3-658-15196-6},
	file = {Feldmann und Pumpe - 2016 - 3D-Druck – Verfahrensauswahl und Wirtschaftlichkei.pdf:C\:\\Users\\Patri\\Zotero\\storage\\ZFJ5XN4P\\Feldmann und Pumpe - 2016 - 3D-Druck – Verfahrensauswahl und Wirtschaftlichkei.pdf:application/pdf},
}

@article{noauthor_kompetenzzentrum_2021,
	title = {Kompetenzzentrum erschließt {3D}-{Druck} für die {Feuerfestindustrie}},
	volume = {73},
	issn = {0023-0561, 2523-8949},
	url = {https://link.springer.com/10.1007/s42410-021-0469-0},
	doi = {10.1007/s42410-021-0469-0},
	language = {de},
	number = {2},
	urldate = {2024-03-16},
	journal = {Keramische Zeitschrift},
	month = apr,
	year = {2021},
	pages = {15--15},
	file = {2021 - Kompetenzzentrum erschließt 3D-Druck für die Feuer.pdf:C\:\\Users\\Patri\\Zotero\\storage\\U7HCEE9J\\2021 - Kompetenzzentrum erschließt 3D-Druck für die Feuer.pdf:application/pdf},
}

@article{hrab_building_2023,
	title = {Building tomorrow: additive manufacturing unleashing sustainable progress in the {US} military},
	volume = {5},
	issn = {2669-0195},
	shorttitle = {Building tomorrow},
	url = {https://jssidoi.org/ird/article/150},
	doi = {10.9770/IRD.2023.5.4(8)},
	abstract = {Additive manufacturing (AM) has recently attracted the attention of academia and private companies, viewing it as a tool for achieving sustainability within the context of sustainable development (SD). As the previous studies revealed an ongoing debate on the sustainable nature of AM, making it challenging to conclude, the primary objective of this article is to explore new perspectives that enhance the contribution of AM to the sustainability vision. Given the limited number of studies considering the potential contribution of AM to specific Sustainable Development Goals (SDGs) and associated targets, this research aims to complete the existing body of knowledge through an in-depth analysis. Furthermore, recognizing that AM could generate some unsustainable effects from a security standpoint, this study investigates how the military organization, with its capacity to mitigate such concerns, could contribute to implementing specific SDGs and targets through AM small and large-scale adoption. Therefore, the study follows a qualitative approach, studying the case of the American military forces in an attempt to reveal the main reasons for adopting AM and the possible contribution to specific SDGs and targets. The results highlight a consistent potential for the US military to contribute to SD, mainly through the largescale adoption of AM. This measure could reduce their military logistic footprint and provide financial, operational and strategic advantages. While the main findings are presented in a detailed list which supports these conclusions and offers valuable lessons learned, it is essential to acknowledge the limitations of this research – namely, the lack of quantitative evidence. Therefore, to formulate a conclusive judgment on the sustainable nature of AM, future studies should concentrate on assessing financial data from private and public entities, including military organizations.},
	language = {en},
	number = {4},
	urldate = {2024-03-16},
	journal = {Insights into Regional Development},
	author = {Hrab, Daniela-Elena and Minculete, Gheorghe},
	month = dec,
	year = {2023},
	pages = {115--134},
	file = {Hrab und Minculete - 2023 - Building tomorrow additive manufacturing unleashi.pdf:C\:\\Users\\Patri\\Zotero\\storage\\7GU9MEUC\\Hrab und Minculete - 2023 - Building tomorrow additive manufacturing unleashi.pdf:application/pdf},
}

@book{vogel_smart_2018,
	address = {Wiesbaden},
	title = {Smart {City}: {Digitalisierung} in {Stadt} und {Land}: {Herausforderungen} und {Handlungsfelder}},
	isbn = {978-3-658-19045-3 978-3-658-19046-0},
	shorttitle = {Smart {City}},
	url = {https://link.springer.com/10.1007/978-3-658-19046-0},
	language = {de},
	urldate = {2024-03-16},
	publisher = {Springer Fachmedien Wiesbaden},
	author = {Vogel, Hans-Josef and Weißer, Karlheinz and D.Hartmann, Wolf},
	year = {2018},
	doi = {10.1007/978-3-658-19046-0},
	file = {Vogel et al. - 2018 - Smart City Digitalisierung in Stadt und Land Her.pdf:C\:\\Users\\Patri\\Zotero\\storage\\DQXZMXXA\\Vogel et al. - 2018 - Smart City Digitalisierung in Stadt und Land Her.pdf:application/pdf},
}

@misc{db_cargo_ag_ersatzteile_2023,
	title = {Ersatzteile aus dem {3D}-{Drucker} – nachhaltig und effizient},
	url = {https://www.dbcargo.com/rail-de-de/logistik-news/ersatzteile-aus-dem-3d-drucker-nachhaltig-und-effizient-10747046},
	author = {{DB Cargo AG}},
	month = jun,
	year = {2023},
}

@misc{bmi_lab_ag_business_2022,
	title = {Business {Model} {Innovation} {Basics} {Series} - {Part} 1: {What} is a {Business} {Model}?},
	url = {https://bmilab.com/blog/2022/6/29/business-model-innovation-basics-series-part-1-what-is-a-business-model},
	author = {{BMI Lab AG}},
	month = jun,
	year = {2022},
}

@misc{bmi_lab_ag_business_2022-1,
	title = {Business {Model} {Innovation} {Basics} {Series} - {Part} 2: {Why} {Business} {Model} {Innovation} {Matters}},
	url = {https://bmilab.com/blog/2022/7/28/business-model-innovation-basics-series-part-2-why-business-model-innovation-matters},
	author = {{BMI Lab AG}},
	month = jul,
	year = {2022},
}

@article{liu_exploring_2023,
	title = {Exploring the {Barriers} to the {Advancement} of {3D} {Printing} {Technology}},
	volume = {11},
	issn = {2227-7390},
	url = {https://www.mdpi.com/2227-7390/11/14/3068},
	doi = {10.3390/math11143068},
	abstract = {3D printing technology is suitable for application in advancing digitization in dentistry. However, the use of this technology in the dental field is not as widespread as expected. The study discusses the barriers to advancing 3D printing technology in dentistry. First, Fuzzy Delphi was used to conduct in-depth interviews with experts to explore what barriers prevent the advancement of 3D printing technology in dentistry. Second, the decision-making and trial assessment laboratory (DEMATEL) was used to identify the cause-and-effect relationship among barriers. Because DEMATEL relies on the expert decision-making system, experts often have different experiences and backgrounds, so judgment results are often uncertain and inconsistent. Therefore, this study proposes using a rough-Z-number to integrate opinions among experts, which can effectively overcome the problems of inconsistency and uncertainty. After analyzing the results, we found that “lack of standard infrastructure” is the most important barrier to the advancement of 3D printing in dentistry, and this study provides improvement strategies based on the results. The results put forward countermeasures for the barriers to the promotion of 3D printing technology in dentistry, which will make the development of dental digitization more effective.},
	language = {en},
	number = {14},
	urldate = {2024-03-16},
	journal = {Mathematics},
	author = {Liu, Peace Y. L. and Liou, James J. H. and Huang, Sun-Weng},
	month = jul,
	year = {2023},
	pages = {3068},
	file = {Liu et al. - 2023 - Exploring the Barriers to the Advancement of 3D Pr.pdf:C\:\\Users\\Patri\\Zotero\\storage\\BPKTQPLZ\\Liu et al. - 2023 - Exploring the Barriers to the Advancement of 3D Pr.pdf:application/pdf},
}

@article{iftekar_advancements_2023,
	title = {Advancements and {Limitations} in {3D} {Printing} {Materials} and {Technologies}: {A} {Critical} {Review}},
	volume = {15},
	issn = {2073-4360},
	shorttitle = {Advancements and {Limitations} in {3D} {Printing} {Materials} and {Technologies}},
	url = {https://www.mdpi.com/2073-4360/15/11/2519},
	doi = {10.3390/polym15112519},
	abstract = {3D printing has revolutionized various industries by enabling the production of complex designs and shapes. Recently, the potential of new materials in 3D printing has led to an exponential increase in the technology’s applications. However, despite these advancements, the technology still faces significant challenges, including high costs, low printing speeds, limited part sizes, and strength. This paper critically reviews the recent trends in 3D printing technology, with a particular focus on the materials and their applications in the manufacturing industry. The paper highlights the need for further development of 3D printing technology to overcome its limitations. It also summarizes the research conducted by experts in this field, including their focuses, techniques, and limitations. By providing a comprehensive overview of the recent trends in 3D printing, this review aims to provide valuable insights into the technology’s prospects.},
	language = {en},
	number = {11},
	urldate = {2024-03-16},
	journal = {Polymers},
	author = {Iftekar, Syed Fouzan and Aabid, Abdul and Amir, Adibah and Baig, Muneer},
	month = may,
	year = {2023},
	keywords = {read ✅},
	pages = {2519},
	file = {Iftekar et al. - 2023 - Advancements and Limitations in 3D Printing Materi.pdf:C\:\\Users\\Patri\\Zotero\\storage\\3MEJVWFD\\Iftekar et al. - 2023 - Advancements and Limitations in 3D Printing Materi.pdf:application/pdf},
}

@article{shabbirahmed_recent_2023,
	title = {Recent {Developments} of {Silk}-{Based} {Scaffolds} for {Tissue} {Engineering} and {Regenerative} {Medicine} {Applications}: {A} {Special} {Focus} on the {Advancement} of {3D} {Printing}},
	volume = {8},
	issn = {2313-7673},
	shorttitle = {Recent {Developments} of {Silk}-{Based} {Scaffolds} for {Tissue} {Engineering} and {Regenerative} {Medicine} {Applications}},
	url = {https://www.mdpi.com/2313-7673/8/1/16},
	doi = {10.3390/biomimetics8010016},
	abstract = {Regenerative medicine has received potential attention around the globe, with improving cell performances, one of the necessary ideas for the advancements of regenerative medicine. It is crucial to enhance cell performances in the physiological system for drug release studies because the variation in cell environments between in vitro and in vivo develops a loop in drug estimation. On the other hand, tissue engineering is a potential path to integrate cells with scaffold biomaterials and produce growth factors to regenerate organs. Scaffold biomaterials are a prototype for tissue production and perform vital functions in tissue engineering. Silk ﬁbroin is a natural ﬁbrous polymer with signiﬁcant usage in regenerative medicine because of the growing interest in leftovers for silk biomaterials in tissue engineering. Among various natural biopolymer-based biomaterials, silk ﬁbroin-based biomaterials have attracted signiﬁcant attention due to their outstanding mechanical properties, biocompatibility, hemocompatibility, and biodegradability for regenerative medicine and scaffold applications. This review article focused on highlighting the recent advancements of 3D printing in silk ﬁbroin scaffold technologies for regenerative medicine and tissue engineering.},
	language = {en},
	number = {1},
	urldate = {2024-03-16},
	journal = {Biomimetics},
	author = {Shabbirahmed, Asma Musfira and Sekar, Rajkumar and Gomez, Levin Anbu and Sekhar, Medidi Raja and Hiruthyaswamy, Samson Prince and Basavegowda, Nagaraj and Somu, Prathap},
	month = jan,
	year = {2023},
	pages = {16},
	file = {Shabbirahmed et al. - 2023 - Recent Developments of Silk-Based Scaffolds for Ti.pdf:C\:\\Users\\Patri\\Zotero\\storage\\LAZQS8IW\\Shabbirahmed et al. - 2023 - Recent Developments of Silk-Based Scaffolds for Ti.pdf:application/pdf},
}

@article{r_n_panchal_advancements_2024,
	title = {Advancements in {3D} {Printing} {Programming}: {Unleashing} the {Potential} of {Additive} {Manufacturing}},
	copyright = {Creative Commons Attribution 4.0 International},
	shorttitle = {Advancements in {3D} {Printing} {Programming}},
	url = {https://zenodo.org/doi/10.5281/zenodo.10612731},
	doi = {10.5281/ZENODO.10612731},
	abstract = {The rapid evolution of 3D printing technology has transformed traditional manufacturing processes, offering unparalleled flexibility and customization. This research paper explores the latest developments in 3D printing programming, focusing on innovative approaches to enhance the capabilities of additive manufacturing. The paper discusses novel algorithms, software frameworks, and programming paradigms that optimize the design, simulation, and control of 3D printing processes. Furthermore, it investigates the integration of artificial intelligence and machine learning techniques to improve the efficiency and precision of 3D printing. The findings presented in this paper contribute to the ongoing discourse on the intersection of programming and 3D printing, providing insights into the future of additive manufacturing.},
	language = {en},
	urldate = {2024-03-16},
	author = {R. N. Panchal},
	month = feb,
	year = {2024},
	note = {Publisher: [object Object]},
	keywords = {read ✅, 3D printing, additive manufacturing, programming algorithms, software frameworks, design optimization, simulation control},
	file = {Advancements in 3D Printing Programming.pdf:C\:\\Users\\Patri\\Zotero\\storage\\EDPIFNFH\\Advancements in 3D Printing Programming.pdf:application/pdf},
}

@article{tu_recent_2023,
	title = {Recent advancements and future trends in {3D} concrete printing using waste materials},
	volume = {16},
	issn = {26661659},
	url = {https://linkinghub.elsevier.com/retrieve/pii/S2666165923000698},
	doi = {10.1016/j.dibe.2023.100187},
	language = {en},
	urldate = {2024-03-16},
	journal = {Developments in the Built Environment},
	author = {Tu, Haidong and Wei, Zhenyun and Bahrami, Alireza and Ben Kahla, Nabil and Ahmad, Ayaz and Özkılıç, Yasin Onuralp},
	month = dec,
	year = {2023},
	pages = {100187},
	file = {Tu et al. - 2023 - Recent advancements and future trends in 3D concre.pdf:C\:\\Users\\Patri\\Zotero\\storage\\C462KN7W\\Tu et al. - 2023 - Recent advancements and future trends in 3D concre.pdf:application/pdf},
}

@article{zhou_overview_2023,
	title = {An overview of recent advancements in fibre-reinforced {3D} printing concrete},
	volume = {10},
	issn = {2296-8016},
	url = {https://www.frontiersin.org/articles/10.3389/fmats.2023.1289340/full},
	doi = {10.3389/fmats.2023.1289340},
	abstract = {3D printing, also known as additive manufacturing, has recently gained significant attention and popularity as a transformative technology across various industries. One area where 3D printing is making remarkable strides is in the construction field, particularly with the emergence of 3D printing concrete (3DPC). While 3DPC holds immense promise, there are still challenges to overcome, such as incorporating reinforcement. This study reviews the potential of using fibre reinforcement to overcome the challenge of making ductile concrete for 3D printing that can withstand substantial tensile stresses. Effects of various types of fibre addition on widespread aspects of 3DPC are systematically reviewed. This review study considers various aspects of 3DPC: rheological characteristics, buildability, anisotropic mechanical behavior, and ductility. These characteristics of fibre-reinforced 3DPC are discussed in light of the published literature. This research’s graphical and statistical visualizations offer valuable insights for academic scholars. This review summarizes recent advancements in fibre-reinforced 3DPC while highlighting the persisting challenges in developing fibre-reinforced 3DPC with desired properties for real-world applications.},
	urldate = {2024-03-16},
	journal = {Frontiers in Materials},
	author = {Zhou, Yi and Althoey, Fadi and Alotaibi, Badr Saad and Gamil, Yaser and Iftikhar, Bawar},
	month = oct,
	year = {2023},
	keywords = {read ✅},
	pages = {1289340},
	file = {Volltext:C\:\\Users\\Patri\\Zotero\\storage\\BTUW6CPA\\Zhou et al. - 2023 - An overview of recent advancements in fibre-reinfo.pdf:application/pdf},
}

@article{shabbirahmed_recent_2023-1,
	title = {Recent {Developments} of {Silk}-{Based} {Scaffolds} for {Tissue} {Engineering} and {Regenerative} {Medicine} {Applications}: {A} {Special} {Focus} on the {Advancement} of {3D} {Printing}},
	volume = {8},
	issn = {2313-7673},
	shorttitle = {Recent {Developments} of {Silk}-{Based} {Scaffolds} for {Tissue} {Engineering} and {Regenerative} {Medicine} {Applications}},
	url = {https://www.mdpi.com/2313-7673/8/1/16},
	doi = {10.3390/biomimetics8010016},
	abstract = {Regenerative medicine has received potential attention around the globe, with improving cell performances, one of the necessary ideas for the advancements of regenerative medicine. It is crucial to enhance cell performances in the physiological system for drug release studies because the variation in cell environments between in vitro and in vivo develops a loop in drug estimation. On the other hand, tissue engineering is a potential path to integrate cells with scaffold biomaterials and produce growth factors to regenerate organs. Scaffold biomaterials are a prototype for tissue production and perform vital functions in tissue engineering. Silk fibroin is a natural fibrous polymer with significant usage in regenerative medicine because of the growing interest in leftovers for silk biomaterials in tissue engineering. Among various natural biopolymer-based biomaterials, silk fibroin-based biomaterials have attracted significant attention due to their outstanding mechanical properties, biocompatibility, hemocompatibility, and biodegradability for regenerative medicine and scaffold applications. This review article focused on highlighting the recent advancements of 3D printing in silk fibroin scaffold technologies for regenerative medicine and tissue engineering.},
	language = {en},
	number = {1},
	urldate = {2024-03-16},
	journal = {Biomimetics},
	author = {Shabbirahmed, Asma Musfira and Sekar, Rajkumar and Gomez, Levin Anbu and Sekhar, Medidi Raja and Hiruthyaswamy, Samson Prince and Basavegowda, Nagaraj and Somu, Prathap},
	month = jan,
	year = {2023},
	pages = {16},
	file = {Volltext:C\:\\Users\\Patri\\Zotero\\storage\\4TJJ7R9P\\Shabbirahmed et al. - 2023 - Recent Developments of Silk-Based Scaffolds for Ti.pdf:application/pdf},
}

@article{thakar_3d_2022,
	title = {3d {Printing}: {Basic} principles and applications},
	volume = {51},
	issn = {22147853},
	shorttitle = {3d {Printing}},
	url = {https://linkinghub.elsevier.com/retrieve/pii/S2214785321046575},
	doi = {10.1016/j.matpr.2021.06.272},
	abstract = {Due to the economic growth and worldwide interference with today’s globalization and industrialization, the manufacturing sector has gained greater prominence in the last decade. Many fresh revolutionary tactics have been created, and revolution is an endless narrative. Recent popularity for 3D and additive printing concerns established norms worldwide. In contrast, the manufacture rate, quality and efﬁciency of existing systems are greatly enhanced. This recurrent technological transformation pushes ﬁrms to adopt these new technologies to their production methods. Most manufacturers are unlikely to ﬁt into the new system because of a number of issues such as capital shortages, lack of funds, lack of knowledge, lack of professional organizations and so on. Besides with these technical advances may also play a major part in inﬂuencing the industrial industry, both ethical and reputational. In addition to consideration of supply chain risks and resilience, the recent growth in the manufacturing industry focusing on sustainability changes the way manufacturers are thinking. Multi-perspective analyzes are necessary for surviving to endure in the production environment. Contrary to this, manufacturers and shareholders have been showing in the last several years that the ﬁnancial beneﬁts not only improve production but also bring considerable returns to the business in view of the ecological and social advantages. In recent years, manufacturers have had a huge push in combination with economic, environmental and social principles to look at technical advancement.},
	language = {en},
	urldate = {2024-03-16},
	journal = {Materials Today: Proceedings},
	author = {Thakar, Chetan M. and Parkhe, Shailesh S. and Jain, Ankit and Phasinam, Khongdet and Murugesan, G. and Ventayen, Randy Joy Magno},
	year = {2022},
	pages = {842--849},
	file = {Thakar et al. - 2022 - 3d Printing Basic principles and applications.pdf:C\:\\Users\\Patri\\Zotero\\storage\\W7IFSAM6\\Thakar et al. - 2022 - 3d Printing Basic principles and applications.pdf:application/pdf},
}

@article{db_fahrzeuginstandhaltung_gmbh_supply_2017,
	title = {Supply {Chain} {Management} für die {Instandhaltung} von {Schienenfahrzeugen} und {Komponenten}},
	language = {de},
	author = {{DB Fahrzeuginstandhaltung GmbH}},
	year = {2017},
	file = {Fahrzeuginstandhaltung - für die Instandhaltung von Schienenfahrzeugen und .pdf:C\:\\Users\\Patri\\Zotero\\storage\\NINI7Y2F\\Fahrzeuginstandhaltung - für die Instandhaltung von Schienenfahrzeugen und .pdf:application/pdf},
}

@book{moran_ethical_2016,
	address = {London},
	title = {Ethical {Ripples} of {Creativity} and {Innovation}},
	isbn = {978-1-349-70059-2 978-1-137-50554-5},
	url = {http://link.springer.com/10.1057/9781137505545},
	language = {en},
	urldate = {2024-03-16},
	publisher = {Palgrave Macmillan UK},
	author = {Moran, Seana},
	year = {2016},
	doi = {10.1057/9781137505545},
	file = {Moran - 2016 - Ethical Ripples of Creativity and Innovation.pdf:C\:\\Users\\Patri\\Zotero\\storage\\PPD8FUUU\\Moran - 2016 - Ethical Ripples of Creativity and Innovation.pdf:application/pdf},
}

@misc{werkheiser_overview_2014,
	address = {Birmingham, USA},
	title = {Overview of {NASA} {Initiatives} in {3D} {Printing} and {Additive} {Manufacturing}},
	url = {https://ntrs.nasa.gov/api/citations/20150002612/downloads/20150002612.pdf},
	urldate = {2024-03-17},
	author = {Werkheiser, Niki},
	year = {2014},
	file = {20150002612.pdf:C\:\\Users\\Patri\\Zotero\\storage\\GLIS82KL\\20150002612.pdf:application/pdf},
}

@article{nowicki_4_2022,
	title = {4 {Tage}, eine {Chance}: {Der} {Handel} ächzt unter dem {Mangel} an {Arbeitskräften}. {Die} 4-{Tage}-{Woche} ist eine gute {Idee}, um die {Jobs} auf der {Fläche} attraktiver zu machen: {Textilwirtschaft}},
	issn = {0040487X},
	shorttitle = {4 {Tage}, eine {Chance}},
	number = {31},
	journal = {Textilwirtschaft},
	author = {Nowicki, Jörg},
	month = aug,
	year = {2022},
	note = {Publisher: dfv Mediengruppe},
	keywords = {gelesen},
	pages = {10--10},
	file = {Nowicki - 2022 - 4 Tage, eine Chance Der Handel ächzt unter dem Ma.pdf:C\:\\Users\\Patri\\Zotero\\storage\\A2FWFRPH\\Nowicki - 2022 - 4 Tage, eine Chance Der Handel ächzt unter dem Ma.pdf:application/pdf},
}

@misc{lee_apple_2022,
	title = {Apple tells employees to return to office 3 days a week from {September}},
	url = {https://www.ft.com/content/b8080070-4c41-4193-8382-4f5c8e9c5097},
	abstract = {Chief Tim Cook looks to preserve ‘in-person collaboration that is so essential to our culture’},
	language = {en-GB},
	urldate = {2024-03-16},
	author = {Lee, Dave},
	month = aug,
	year = {2022},
	keywords = {gelesen},
	file = {Snapshot:C\:\\Users\\Patri\\Zotero\\storage\\3G28HAHD\\b8080070-4c41-4193-8382-4f5c8e9c5097.html:text/html},
}

@article{h_bei_2023,
	title = {Bei {Härle} wird verkürzt gebacken: {Die} {Bäckerei} will attraktiver für {Bewerber} werden und bietet nun in ihrer {Backstube} die {Vier}-{Tage}-{Woche} an: {Allgemeine} {BäckerZeitung}},
	issn = {03412490},
	shorttitle = {Bei {Härle} wird verkürzt gebacken},
	url = {https://search.ebscohost.com/login.aspx?direct=true&db=bsu&AN=165475317&lang=de&site=eds-live},
	number = {15},
	urldate = {2024-03-09},
	journal = {Allgemeine BäckerZeitung},
	author = {H, Juliane},
	month = jul,
	year = {2023},
	note = {Publisher: dfv Mediengruppe},
	keywords = {gelesen},
	pages = {28--28},
	file = {H - 2023 - Bei Härle wird verkürzt gebacken Die Bäckerei wil.pdf:C\:\\Users\\Patri\\Zotero\\storage\\2GRYR937\\H - 2023 - Bei Härle wird verkürzt gebacken Die Bäckerei wil.pdf:application/pdf},
}

@misc{prossl_britisches_2024,
	title = {Britisches {Pilotprojekt} zur {Vier}-{Tage}-{Woche} ein voller {Erfolg}},
	url = {https://www.tagesschau.de/ausland/europa/grossbritannien-viertagewoche-102.html},
	abstract = {Funktioniert eine Vier-Tage-Woche für Unternehmen und Angestellte? Ein Pilotprojekt in Großbritannien zieht ein positives Fazit. Von 61 Unternehmen wollen 54 das Arbeitszeitmodell fortführen. Von Christoph Prössl.},
	language = {de},
	urldate = {2024-03-09},
	journal = {tagesschau.de},
	author = {Prössl, Christoph},
	month = mar,
	year = {2024},
	keywords = {ungelesen},
	file = {Snapshot:C\:\\Users\\Patri\\Zotero\\storage\\84AVANEM\\grossbritannien-viertagewoche-102.html:text/html},
}

@article{habdank_deutscher_2024,
	title = {Deutscher {Hotelnachwuchs}-{Preisträger}:  für zufriedene {Mitarbeiter}},
	shorttitle = {Deutscher {Hotelnachwuchs}-{Preisträger}},
	author = {Habdank, Alexandra},
	year = {2024},
	note = {Context Object: ctx\_ver=Z39.88-2004\&rft\_val\_fmt=info\%3Aofi\%2Ffmt\%3Akev\%3Amtx\%3Ajournal\&rft.title=\&rft.atitle=Deutscher\%20Hotelnachwuchs-Preistr\%C3\%A4ger\%3A\%20\%20f\%C3\%BCr\%20zufriedene\%20Mitarbeiter\&rft.date=2024\&rft.genre=article},
	keywords = {gelesen},
	file = {2024 - Deutscher Hotelnachwuchs-Preisträger  für zufried.pdf:C\:\\Users\\Patri\\Zotero\\storage\\ZAR9K7PI\\2024 - Deutscher Hotelnachwuchs-Preisträger  für zufried.pdf:application/pdf;wiso - Deutscher Hotelnachwuchs-Preisträger\: Vier Tage für zufriedene Mitarbeiter:C\:\\Users\\Patri\\Zotero\\storage\\226EX3SW\\0.html:text/html},
}

@article{haide_arbeitswelt_2022,
	title = {Die {Arbeitswelt} von morgen beginnt heute: {Neue} {Arbeitszeitmodelle}, mehr {Homeoffice}, weniger {Bevormundung}: {New} {Work} ist längst {Realität} und ein {Faktor} beim {Recruiting}.},
	language = {de-AT},
	number = {2314},
	urldate = {2024-03-16},
	journal = {Medianet},
	author = {Haide, Alexander},
	month = oct,
	year = {2022},
	keywords = {gelesen},
	pages = {72--73},
	file = {retrieve.pdf:C\:\\Users\\Patri\\Zotero\\storage\\XIH75S6K\\retrieve.pdf:application/pdf},
}

@article{hamm_vier-tage-woche_2023,
	title = {„{Die} {Vier}-{Tage}-{Woche} geht am {Problem} vorbei“: {ManagerSeminare}},
	issn = {09386211},
	shorttitle = {„{Die} {Vier}-{Tage}-{Woche} geht am {Problem} vorbei“},
	url = {https://search.ebscohost.com/login.aspx?direct=true&db=bsu&AN=170708874&lang=de&site=eds-live},
	number = {306},
	urldate = {2024-03-09},
	journal = {ManagerSeminare},
	author = {Hamm, Ingo},
	month = sep,
	year = {2023},
	note = {Publisher: ManagerSeminare Verlags GmbH},
	keywords = {gelesen},
	pages = {16--17},
	file = {EBSCO Full Text:C\:\\Users\\Patri\\Zotero\\storage\\F3K4U73J\\Hamm - 2023 - „Die Vier-Tage-Woche geht am Problem vorbei“ Mana.pdf:application/pdf},
}

@article{schwarz_dynamische_2021,
	title = {Dynamische {Teilzeit} bei der {BMW} {Group}: {Betriebspraxis} \& {Arbeitsforschung}},
	issn = {21916268},
	shorttitle = {Dynamische {Teilzeit} bei der {BMW} {Group}},
	url = {https://search.ebscohost.com/login.aspx?direct=true&db=bsu&AN=154184040&lang=de&site=eds-live},
	number = {243},
	urldate = {2024-03-09},
	journal = {Betriebspraxis \& Arbeitsforschung},
	author = {Schwarz, Michael},
	month = nov,
	year = {2021},
	note = {Publisher: ifaa - Institut für angewandte Arbeitswissenschaft},
	keywords = {gelesen},
	pages = {20--22},
	file = {EBSCO Full Text:C\:\\Users\\Patri\\Zotero\\storage\\YPRIJFJD\\Schwarz - 2021 - Dynamische Teilzeit bei der BMW Group Betriebspra.pdf:application/pdf},
}

@article{heitmann_vier-tage-woche_2023,
	title = {Eine {Vier}-{Tage}-{Woche} ist mehr als einfach ein {Tag} weniger: {Was} ist bei der auch für {Bäckereien} interessanten {Umstellung} zu beachten? {Hier} die {Antworten}: {Allgemeine} {BäckerZeitung}},
	issn = {03412490},
	shorttitle = {Eine {Vier}-{Tage}-{Woche} ist mehr als einfach ein {Tag} weniger},
	url = {https://search.ebscohost.com/login.aspx?direct=true&db=bsu&AN=163943357&lang=de&site=eds-live},
	number = {11},
	urldate = {2024-03-09},
	journal = {Allgemeine BäckerZeitung},
	author = {Heitmann, Maik},
	month = may,
	year = {2023},
	note = {Publisher: dfv Mediengruppe},
	keywords = {gelesen},
	pages = {17--17},
	file = {Heitmann - 2023 - Eine Vier-Tage-Woche ist mehr als einfach ein Tag .pdf:C\:\\Users\\Patri\\Zotero\\storage\\FZQHQDPR\\Heitmann - 2023 - Eine Vier-Tage-Woche ist mehr als einfach ein Tag .pdf:application/pdf},
}

@article{nowicki_einzelhandler_2022,
	title = {Einzelhändler {Rudnick} in {Aurich} zieht {Bilanz} für die {Vier}-{Tage}-{Woche}: "30\% weniger {Kranke}, drei mal so viele {Bewerber}": {TextilWirtschaft} {Online}},
	shorttitle = {Einzelhändler {Rudnick} in {Aurich} zieht {Bilanz} für die {Vier}-{Tage}-{Woche}},
	url = {https://search.ebscohost.com/login.aspx?direct=true&db=bsu&AN=161097250&lang=de&site=eds-live},
	abstract = {The article reports the New Work in Ostfriesland as Rudnick in Aurich has taken on a pioneering role in the fashion trade and considered the four-day week has been running since August, 2022.},
	urldate = {2024-03-09},
	journal = {TextilWirtschaft Online},
	author = {Nowicki, Jörg},
	month = dec,
	year = {2022},
	note = {Publisher: dfv Mediengruppe},
	keywords = {Fashion, Ostfriesland (Germany), gelesen},
	pages = {1--1},
	file = {Nowicki - 2022 - Einzelhändler Rudnick in Aurich zieht Bilanz für d.pdf:C\:\\Users\\Patri\\Zotero\\storage\\MJ2W6RKU\\Nowicki - 2022 - Einzelhändler Rudnick in Aurich zieht Bilanz für d.pdf:application/pdf},
}

@misc{leibfried_flexibler_2023,
	title = {Flexibler {Arbeiten}: {Wie} sich die {Vier}-{Tage}-{Woche} in der {Praxis} schlägt - planung\&analyse},
	shorttitle = {Flexibler {Arbeiten}},
	url = {https://www.horizont.net/planung-analyse/nachrichten/flexibler-arbeiten-wie-sich-die-vier-tage-woche-in-der-praxis-schlaegt-205921},
	abstract = {Das Bedürfnis nach mehr Freiheit und Flexibilität im Arbeitsalltag wird drängender. Die kürzere Arbeitswoche punktet als Hebel beim Employer Branding – vorerst.},
	language = {de},
	urldate = {2024-03-09},
	journal = {https://www.horizont.net/planung-analyse},
	author = {Leibfried, Alexandra},
	year = {2023},
	keywords = {ungelesen},
	file = {Flexibler Arbeiten Wie sich die Vier-Tage-Woche i.pdf:C\:\\Users\\Patri\\Zotero\\storage\\BB3NFKZC\\Flexibler Arbeiten Wie sich die Vier-Tage-Woche i.pdf:application/pdf;Snapshot:C\:\\Users\\Patri\\Zotero\\storage\\YD6I9HD5\\flexibler-arbeiten-wie-sich-die-vier-tage-woche-in-der-praxis-schlaegt-205921.html:text/html},
}

@article{cameron-wood_four_2023,
	title = {Four days for full pay?: {Business} {Spotlight}},
	issn = {16171888},
	shorttitle = {Four days for full pay?},
	url = {https://search.ebscohost.com/login.aspx?direct=true&db=bsu&AN=163713709&lang=de&site=eds-live},
	abstract = {The article offers information on the four-day working week with the same salary in United Kingdom (UK). It further discusses that the campaign group known as 4 Day Week Global hopes for good the beginning; 56 UK businesses are continuing with the four-day working week, with 18 making the change permanent; four-day week could help to reduce the pressure felt by sufferers of long Covid; and the four-day working week could help to change toxic attitudes towards work.},
	number = {6},
	urldate = {2024-03-09},
	journal = {Business Spotlight},
	author = {Cameron-Wood, Melita},
	month = jun,
	year = {2023},
	note = {Publisher: Zeit Sprachen GmbH},
	keywords = {Charities, Employee well-being, Flextime, Four day week, Working hours, Workweek, gelesen},
	pages = {24--27},
	file = {EBSCO Full Text:C\:\\Users\\Patri\\Zotero\\storage\\VVDSPA38\\Cameron-Wood - 2023 - Four days for full pay Business Spotlight.pdf:application/pdf},
}

@misc{elias_googles_2023,
	title = {Google's return-to-office crackdown gets backlash from some employees: '{Check} my work, not my badge'},
	shorttitle = {Google's return-to-office crackdown gets backlash from some employees},
	url = {https://www.cnbc.com/2023/06/13/google-rto-crackdown-gets-backlash-check-my-work-not-my-badge.html},
	abstract = {Google's latest effort to make sure employees are in the office is getting criticized by some staffers, who say they're being treated like schoolchildren.},
	language = {en},
	urldate = {2024-03-16},
	journal = {CNBC},
	author = {Elias, Jennifer},
	month = jun,
	year = {2023},
	keywords = {gelesen},
	file = {Snapshot:C\:\\Users\\Patri\\Zotero\\storage\\CH63V88T\\google-rto-crackdown-gets-backlash-check-my-work-not-my-badge.html:text/html},
}

@article{dengel_irrungen_2024,
	title = {Irrungen, {Wirrungen}, {Chancen}: {ManagerSeminare}},
	issn = {09386211},
	shorttitle = {Irrungen, {Wirrungen}, {Chancen}},
	url = {https://search.ebscohost.com/login.aspx?direct=true&db=bsu&AN=174261078&lang=de&site=eds-live},
	number = {310},
	urldate = {2024-03-09},
	journal = {ManagerSeminare},
	author = {Dengel, Janine},
	month = jan,
	year = {2024},
	note = {Publisher: ManagerSeminare Verlags GmbH},
	keywords = {gelesen},
	pages = {28--35},
	file = {EBSCO Full Text:C\:\\Users\\Patri\\Zotero\\storage\\NGXUA7E7\\Dengel - 2024 - Irrungen, Wirrungen, Chancen ManagerSeminare.pdf:application/pdf},
}

@misc{noauthor_jll-studie_2022,
	title = {{JLL}-{Studie}: {Hybrides} {Arbeiten} braucht moderne {Büros} als sichere {Basis}},
	shorttitle = {{JLL}-{Studie}},
	url = {https://www.jll.de/de/presse/JLL-Studie-Hybrides-Arbeiten-braucht-moderne-Bueros-als-sichere-Basis},
	abstract = {Büronutzung wird perspektivisch wieder steigen},
	language = {de-DE},
	urldate = {2024-03-16},
	month = sep,
	year = {2022},
	keywords = {ungelesen},
	file = {Snapshot:C\:\\Users\\Patri\\Zotero\\storage\\PEMF65WW\\JLL-Studie-Hybrides-Arbeiten-braucht-moderne-Bueros-als-sichere-Basis.html:text/html},
}

@article{noauthor_jobtrends_2024,
	title = {Jobtrends {\textbar} {Teil} 1: "{Flexibilisierung} und {Digitalisierung} liegen dieses {Jahr} im {Fokus}"},
	shorttitle = {Jobtrends {\textbar} {Teil} 1},
	year = {2024},
	note = {Context Object: ctx\_ver=Z39.88-2004\&rft\_val\_fmt=info\%3Aofi\%2Ffmt\%3Akev\%3Amtx\%3Ajournal\&rft.title=\&rft.atitle=Jobtrends\%20\%7C\%20Teil\%201\%3A\%20\%22Flexibilisierung\%20und\%20Digitalisierung\%20liegen\%20dieses\%20Jahr\%20im\%20Fokus\%22\&rft.date=2024\&rft.genre=article},
	keywords = {ungelesen},
	file = {2024 - Jobtrends  Teil 1 Flexibilisierung und Digitali.pdf:C\:\\Users\\Patri\\Zotero\\storage\\JMMEZITQ\\2024 - Jobtrends  Teil 1 Flexibilisierung und Digitali.pdf:application/pdf;wiso - Jobtrends | Teil 1\: "Flexibilisierung und Digitalisierung liegen dieses Jahr im Fokus":C\:\\Users\\Patri\\Zotero\\storage\\KW4CEJPZ\\0.html:text/html},
}

@article{spermann_kein_2020,
	title = {Kein {Wundermittel}},
	volume = {100},
	issn = {0043-6275, 1613-978X},
	url = {https://link.springer.com/10.1007/s10273-020-2727-y},
	doi = {10.1007/s10273-020-2727-y},
	language = {de},
	number = {9},
	urldate = {2024-03-09},
	journal = {Wirtschaftsdienst},
	author = {Spermann, Alexander},
	month = sep,
	year = {2020},
	keywords = {gelesen, aber unklar, ob es was bringt},
	pages = {648--648},
	file = {Spermann - 2020 - Kein Wundermittel.pdf:C\:\\Users\\Patri\\Zotero\\storage\\LJM4N3GH\\Spermann - 2020 - Kein Wundermittel.pdf:application/pdf},
}

@misc{vanian_meta_2023,
	title = {Meta employees are back in the office three days a week as part of new mandate},
	url = {https://www.cnbc.com/2023/09/05/meta-employees-are-back-in-office-three-days-a-week-.html},
	abstract = {Meta's return-to-office mandate requires employees to work from the company's offices at least three days a week.},
	language = {en},
	urldate = {2024-03-16},
	journal = {CNBC},
	author = {Vanian, Jonathan, Hayden Field},
	month = sep,
	year = {2023},
	keywords = {gelesen},
}

@article{prokasky_neue_2023,
	title = {Neue {Arbeitszeitmodelle}: {Ifo}-{Präsident} {Fuest} spricht sich gegen {Vier}-{Tage}-{Woche} aus: {TextilWirtschaft} {Online}},
	shorttitle = {Neue {Arbeitszeitmodelle}},
	url = {https://search.ebscohost.com/login.aspx?direct=true&db=bsu&AN=164317574&lang=de&site=eds-live},
	abstract = {The article focuses on Ifo Institute President Clemens Fuest's opposition to the four-day workweek with full wage compensation, citing concerns about its financial feasibility for businesses and the need to strengthen incentives for employment through measures such as promoting full-time work.},
	urldate = {2024-03-09},
	journal = {TextilWirtschaft Online},
	author = {Prokasky, Anke},
	month = jun,
	year = {2023},
	note = {Publisher: dfv Mediengruppe},
	keywords = {Full-time employment, Ifo-Institut für Wirtschaftsforschung, Real wages, gelesen, aber unklar, ob es was bringt},
	pages = {1--1},
	file = {Prokasky - 2023 - Neue Arbeitszeitmodelle Ifo-Präsident Fuest spric.pdf:C\:\\Users\\Patri\\Zotero\\storage\\FF53U6IE\\Prokasky - 2023 - Neue Arbeitszeitmodelle Ifo-Präsident Fuest spric.pdf:application/pdf},
}

@article{gropler_new_2022,
	title = {New {Work} im westfälischen {Halle}: {Gerry} {Weber}-{Chefin} {Angelika} {Schindler}-{Obenhaus} kündigt {Vier}-{Tage}-{Woche} an: {TextilWirtschaft} {Online}},
	shorttitle = {New {Work} im westfälischen {Halle}},
	url = {https://search.ebscohost.com/login.aspx?direct=true&db=bsu&AN=159947887&lang=de&site=eds-live},
	abstract = {The article reports that the employees of the women's fashion group Gerry Weber will in future decide for themselves whether they want to work four or five days a week and a weekly change is possible as this is what Gerry Weber CEO Angelika Schindler-Obenhaus writes on business network Linked-in.},
	urldate = {2024-03-09},
	journal = {TextilWirtschaft Online},
	author = {Gropler, Melanie},
	month = oct,
	year = {2022},
	note = {Publisher: dfv Mediengruppe},
	keywords = {Employees, GERRY WEBER International AG, ungelesen},
	pages = {1--1},
	file = {Gropler - 2022 - New Work im westfälischen Halle Gerry Weber-Chefi.pdf:C\:\\Users\\Patri\\Zotero\\storage\\4N67477U\\Gropler - 2022 - New Work im westfälischen Halle Gerry Weber-Chefi.pdf:application/pdf},
}

@misc{noauthor_new_nodate,
	title = {New {Work}: {Interview} mit der {Personalchefin} von {Dodenhof}: "{Die} {Vier}-{Tage}-{Woc}...: {Discovery} {Service} for {Fachhochschule} {Mainz} - {University} of {Applied} {Sciences}},
	url = {https://eds.p.ebscohost.com/eds/detail/detail?vid=0&sid=a4b29fe4-7a75-4ad7-b930-ebc52953522b%40redis&bdata=Jmxhbmc9ZGUmc2l0ZT1lZHMtbGl2ZQ%3d%3d#AN=163659335&db=bsu},
	urldate = {2024-03-09},
	keywords = {ungelesen},
	file = {New Work\: Interview mit der Personalchefin von Dodenhof\: "Die Vier-Tage-Woc...\: Discovery Service for Fachhochschule Mainz - University of Applied Sciences:C\:\\Users\\Patri\\Zotero\\storage\\UZCEBBGP\\detail.html:text/html},
}

@misc{lockhart_results_2021,
	title = {Results from world’s largest 4 day week trial bring good news for the future of work},
	url = {https://www.4dayweek.com/news-posts/4-day-week-uk-results},
	abstract = {New research revealed today shows that results from the world’s largest trial of a 4 day week are largely consistent with existing global evidence, further demonstrating the benefits of reduced-hour, output-focused working.    The pilot program – conducted in the UK by non-profit 4 Day Week Global g},
	language = {en-US},
	urldate = {2024-03-09},
	journal = {4 Day Week Global},
	author = {Lockhart, Charlotte},
	year = {2021},
	keywords = {ungelesen},
	file = {Results from world’s largest 4 day week trial brin.pdf:C\:\\Users\\Patri\\Zotero\\storage\\C2TAII3I\\Results from world’s largest 4 day week trial brin.pdf:application/pdf;Results from world’s largest 4 day week trial bring good news for the future of work — 4 Day Week Gl.html:C\:\\Users\\Patri\\Zotero\\storage\\QG6XZV2B\\Results from world’s largest 4 day week trial bring good news for the future of work — 4 Day Week Gl.html:text/html;Snapshot:C\:\\Users\\Patri\\Zotero\\storage\\5BMCY326\\4-day-week-uk-results.html:text/html},
}

@incollection{jobst-jurgens_studie_2020,
	address = {Wiesbaden},
	title = {Studie: {Bedürfnisse} und {Wünsche} verschiedener {Arbeitnehmergruppen} und {Generationen} im {Kontext} „{New} {Work}“},
	isbn = {978-3-658-31131-5 978-3-658-31132-2},
	shorttitle = {Studie},
	url = {http://link.springer.com/10.1007/978-3-658-31132-2_3},
	language = {de},
	urldate = {2024-03-16},
	booktitle = {New {Work}},
	publisher = {Springer Fachmedien Wiesbaden},
	author = {Jobst-Jürgens, Vanessa},
	collaborator = {Jobst-Jürgens, Vanessa},
	year = {2020},
	doi = {10.1007/978-3-658-31132-2_3},
	keywords = {ungelesen},
	pages = {21--147},
	file = {Jobst-Jürgens - 2020 - Studie Bedürfnisse und Wünsche verschiedener Arbe.pdf:C\:\\Users\\Patri\\Zotero\\storage\\EBYUDHXN\\Jobst-Jürgens - 2020 - Studie Bedürfnisse und Wünsche verschiedener Arbe.pdf:application/pdf},
}

@article{nowicki_tw-kommentar_2022,
	title = {{TW}-{Kommentar} zur 4-{Tage}-{Woche} im {Einzelhandel}: 4 {Tage}, eine {Chance}: {TextilWirtschaft} {Online}},
	shorttitle = {{TW}-{Kommentar} zur 4-{Tage}-{Woche} im {Einzelhandel}},
	url = {https://search.ebscohost.com/login.aspx?direct=true&db=bsu&AN=158451467&lang=de&site=eds-live},
	abstract = {The article reports that trade is groaning under the lack of workers and Jörg Nowicki thinks the 4-day week is a good idea to make the jobs on the site more attractive.},
	urldate = {2024-03-09},
	journal = {TextilWirtschaft Online},
	author = {Nowicki, Jörg},
	month = aug,
	year = {2022},
	note = {Publisher: dfv Mediengruppe},
	keywords = {Building trades, Employees, ungelesen},
	pages = {7--7},
	file = {Nowicki - 2022 - TW-Kommentar zur 4-Tage-Woche im Einzelhandel 4 T.pdf:C\:\\Users\\Patri\\Zotero\\storage\\L2BASMWK\\Nowicki - 2022 - TW-Kommentar zur 4-Tage-Woche im Einzelhandel 4 T.pdf:application/pdf},
}

@misc{yougov_umfrage_2023,
	title = {Umfrage {Generation} {Z}},
	url = {https://cdn.continental.com/fileadmin/__imported/sites/corporate/_international/german/hubpages/10_20presse/01_20pressemitteilungen/01_20people_20_26_20careers/2023/20230801-continental-umfrage-genz.pdf},
	abstract = {Repräsentative Umfrage des Marktforschungsinstituts YouGov
unter rund 3.000 Bundesbürgerinnen und Bundesbürgern 
im Alter von 16 bis 67 Jahren im Auftrag von Continental},
	language = {de-DE},
	urldate = {2024-03-16},
	author = {{YouGov}},
	month = jul,
	year = {2023},
	keywords = {gelesen},
	file = {20230801-continental-umfrage-genz.pdf:C\:\\Users\\Patri\\Zotero\\storage\\6VFCNMNR\\20230801-continental-umfrage-genz.pdf:application/pdf},
}

@article{evans_vier-tage-woche_2022,
	title = {Vier-{Tage}-{Woche} im {Probelauf}: {Pilotprojekt} - {Verkürzte} {Woche} erhöht {Mitarbeiterzufriedenheit} – {Arbeitgeber} machen {Produktivitätsvergleich} – Übergreifende {Auswertung}: {Lebensmittel} {Zeitung}},
	issn = {09477527},
	shorttitle = {Vier-{Tage}-{Woche} im {Probelauf}},
	url = {https://search.ebscohost.com/login.aspx?direct=true&db=bsu&AN=157521708&lang=de&site=eds-live},
	doi = {10.51202/0947-7527-2022-24-039},
	abstract = {Eines der größten Pilotprojekte für Arbeitszeitverkürzung mit Tausenden von Mitarbeitern aus diversen Ländern geht im Juni an den Start. Es wird ein halbes Jahr dauern. Dabei soll vor allem herausgefunden werden, ob ein gesundes Gleichgewicht zwischen Arbeit und Freizeit möglich ist, ohne dass die Produktivität leidet. (German)},
	number = {24},
	urldate = {2024-03-09},
	journal = {Lebensmittel Zeitung},
	author = {Evans, Doris},
	month = jun,
	year = {2022},
	note = {Publisher: dfv Mediengruppe},
	keywords = {ungelesen},
	pages = {39--39},
	file = {Evans - 2022 - Vier-Tage-Woche im Probelauf Pilotprojekt - Verkü.pdf:C\:\\Users\\Patri\\Zotero\\storage\\V7DSSYVA\\Evans - 2022 - Vier-Tage-Woche im Probelauf Pilotprojekt - Verkü.pdf:application/pdf},
}

@techreport{onlyfy_wechselwilligkeitsstudie_2023,
	title = {Wechselwilligkeitsstudie 2024 by forsa},
	url = {https://onlyfy.com/wp-content/uploads/onlyfy-whitepaper-wechselwilligkeitsstudie-2023.pdf?lid=fq3mgj40zq8p&bid=8f779b9a7003429bcb3502231e4ad88f8998ec09bb7d651e88bcbd00c8908a42},
	urldate = {2024-03-16},
	institution = {onlyfy},
	author = {onlyfy},
	year = {2023},
	keywords = {ungelesen},
	file = {onlyfy-whitepaper-wechselwilligkeitsstudie-2023.pdf:C\:\\Users\\Patri\\Zotero\\storage\\2S7LG2U8\\onlyfy-whitepaper-wechselwilligkeitsstudie-2023.pdf:application/pdf},
}

@book{seiler_wem_2016,
	address = {Stuttgart},
	title = {Wem gehört die {Zeit}? {Innovative} {Arbeitszeitgestaltung} in der {Praxis}},
	isbn = {978-3-7910-3648-9},
	shorttitle = {Wem gehört die {Zeit}?},
	abstract = {Praxiserprobte Arbeitszeitsysteme und ihre erfolgreiche Umsetzung. Arbeitszeitmodelle und Handlungsoptionen für das eigene Unternehmen. Mit Beiträgen führender Arbeitswissenschaftler und prominenter Unternehmen (Telekom, ING DiBa, Bertelsmann) Arbeitnehmer streben nach Zeitsouveränität. Unternehmen müssen 24/7 kundenorientiert und konstant zuverlässig arbeiten. Lässt sich das vereinbaren? Wie sehen Zeitmodelle aus, die beiden Ansprüchen gerecht werden können? Drei Unternehmen aus ganz verschiedenen Branchen (Telekommunikation, Bankwesen, Druckindustrie) liefern konkrete, ganz unterschiedliche Antworten. Sie stellen ihre innovativen und erprobten Arbeitszeitmodelle vor und erklären ausführlich, was sie auf dem Weg zur innovativen Zeitgestaltung gelernt haben. Daneben stellen renommierte Arbeitswissenschaftler und Organisationsforscher die wissenschaftliche Sichtweise vor. Damit gibt das Buch einen Einblick in Aufbau und Steuerung der Arbeitszeit aller Hierarchieebenen in Zeiten von Globalisierung und Digitalisierung und macht deutlich, dass innovative und flexible Arbeitszeitgestaltung notwendig und machbar ist. (Verlagstext)},
	language = {ger},
	publisher = {Schäffer-Poeschel Verlag},
	editor = {Seiler, Martin and Roehl, Heiko},
	year = {2016},
	keywords = {ungelesen},
	file = {ebscohost.pdf:C\:\\Users\\Patri\\Zotero\\storage\\33SUMDTC\\ebscohost.pdf:application/pdf;Table of Contents PDF:C\:\\Users\\Patri\\Zotero\\storage\\KE2KS3HI\\Seiler und Roehl - 2016 - Wem gehört die Zeit Innovative Arbeitszeitgestalt.pdf:application/pdf},
}

@article{merheim_wie_2024,
	title = {Wie zeitgemäße {Arbeitsmodelle} die {Unternehmenskultur} beeinflussen},
	url = {https://www.wiso-net.de/document/PWID__pswde_PSWDE_20240307_2_002},
	abstract = {Die AnsprÃ¼che der Mitarbeitenden sind einem stetigen Wandel unterzogen. Darauf muss sich auch das Employer Branding einstellen, schreibt unser Kolumnist Marcus Merheim.},
	urldate = {2024-03-09},
	journal = {Personalwirtschaft+},
	author = {Merheim, Marcus},
	month = mar,
	year = {2024},
	keywords = {ungelesen},
	file = {2024 - Wie zeitgemäße Arbeitsmodelle die Unternehmenskult.pdf:C\:\\Users\\Patri\\Zotero\\storage\\WP2HFHD4\\2024 - Wie zeitgemäße Arbeitsmodelle die Unternehmenskult.pdf:application/pdf;Snapshot:C\:\\Users\\Patri\\Zotero\\storage\\W2TIITV7\\0.html:text/html},
}

@book{zander_wundermittel_2023,
	address = {München},
	title = {Wundermittel 4-{Tage}-{Woche}?: {Chancen}, {Risiken}, {Grenzen} und flexible {Alternativen}},
	isbn = {978-3-648-17511-8},
	shorttitle = {Wundermittel 4-{Tage}-{Woche}?},
	url = {https://link.springer.com/10.34157/978-3-648-17511-8},
	language = {de},
	urldate = {2024-03-09},
	publisher = {Haufe},
	author = {Zander, Guido},
	year = {2023},
	doi = {10.34157/978-3-648-17511-8},
	keywords = {4-Tage, 4-Tage-Woche, ChancenRisiken, Grenzen, Zander, ungelesen},
	file = {Full Text PDF:C\:\\Users\\Patri\\Zotero\\storage\\AVCCTLWY\\Zander - 2023 - Wundermittel 4-Tage-Woche Chancen, Risiken, Gren.pdf:application/pdf},
}

@misc{xing_xing_2023,
	title = {{XING} {Studie} „{Der} {Arbeitsmarkt} der {Zukunft}“: {Fachkräftemangel}, 4-{Tage}-{Woche} und die {Berufsfelder} der {Zukunft} – so blicken {Deutschlands} {Beschäftigte} auf das {Job}-{Jahr} 2023/24},
	shorttitle = {{XING} {Studie} „{Der} {Arbeitsmarkt} der {Zukunft}“},
	url = {https://www.new-work.se/de/newsroom/pressemitteilungen/2023_xing_fachkraeftemangel_%204_Tage_woche_und_die_berufsfelder%20der_zukunft_so_blicken_deutschlands%20_beschaeftigte_auf_das_job_jahr_2023_24},
	abstract = {Die neue XING Studie in Zusammenarbeit mit Marketagent analysiert das Job-Jahr 2023 und gibt einen Ausblick auf die Arbeitsmarkt-Trends 2024.},
	language = {de},
	urldate = {2024-03-16},
	journal = {New Work SE},
	author = {XING},
	month = dec,
	year = {2023},
	keywords = {ungelesen},
	file = {Snapshot:C\:\\Users\\Patri\\Zotero\\storage\\2XVRCHTS\\2023_xing_fachkraeftemangel_ 4_Tage_woche_und_die_berufsfelder der_zukunft_so_blicken_deutschla.html:text/html},
}

@misc{xing_xing_2024,
	title = {{XING} {Studie} zum {Weltfrauentag} - {Was} {Frauen} wollen: flexible {Arbeitszeiten}, {Homeoffice}, angemessene {Bezahlung} und einen {Blick} aufs {Wohlbefinden}},
	shorttitle = {{XING} {Studie} zum {Weltfrauentag} - {Was} {Frauen} wollen},
	url = {https://www.new-work.se/de/newsroom/pressemitteilungen/2024_pm_xing_%20studie_zum_weltfrauentag},
	abstract = {Die anlässlich des Weltfrauentags ausgewerteten Ergebnisse zeigen, dass Frauen und Männer teilweise unterschiedliche Erwartungen an Arbeitgeber haben.},
	language = {de},
	urldate = {2024-03-16},
	journal = {New Work SE},
	author = {XING},
	month = mar,
	year = {2024},
	keywords = {ungelesen},
	file = {Snapshot:C\:\\Users\\Patri\\Zotero\\storage\\GU4IB9HK\\2024_pm_xing_ studie_zum_weltfrauentag.html:text/html},
}

@techreport{lott_4-tage-woche_2023,
	address = {Düsseldorf},
	type = {{WSI} {Policy} {Brief}},
	title = {4-{Tage}-{Woche}: {Vorteile} für {Beschäftigte} und betriebliche {Voraussetzungen} für verkürzte {Arbeitszeiten}},
	copyright = {http://www.econstor.eu/dspace/Nutzungsbedingungen; https://creativecommons.org/licenses/by/4.0/},
	url = {http://hdl.handle.net/10419/271114},
	abstract = {Fachkräfteengpässe bedrohen in zahlreichen Branchen die Wertschöpfung und die Stabilität von Sozialkassen. Arbeitgeber stehen damit vor der Herausforderung, Fachkräfte zu gewinnen und zu halten - auch in Zukunft. Viele Beschäftigte arbeiten zudem nah an ihren Leistungsgrenzen und nicht selten darüber hinaus - sie erwarten häufig, dass sie nicht bis zur Rente durchhalten, wenn es weitergeht wie bisher (DGB-Index Gute Arbeit 2021, S. 101). Außerdem sind die Fehlzeiten insbesondere aufgrund psychischer Erkrankungen in den vergangenen Jahren gestiegen (DAK/IGES 2022), was nicht nur die Produktivität beeinträchtigt, sondern auch die Sozialversicherungssysteme belastet. Was ist also nötig, um die Arbeitswelt von morgen zu gestalten? [...]},
	language = {ger},
	number = {79},
	urldate = {2024-03-18},
	institution = {Hans-Böckler-Stiftung, Wirtschafts- und Sozialwissenschaftliches Institut (WSI)},
	author = {Lott, Yvonne and Windscheid, Eike},
	year = {2023},
	keywords = {330, gelesen},
	file = {4-Tage-Woche.pdf:C\:\\Users\\Patri\\Zotero\\storage\\CDIHR8GG\\4-Tage-Woche.pdf:application/pdf},
}

@article{schor_four_2022,
	title = {The {Four} {Day} {Week}- {Assessing} {Global} {Trials} of {Reduced} {Work} {Time} with {No} {Reduction} in {Pay}},
	language = {en},
	author = {Schor, Juliet B. and Fan, Wen and Kelly, Orla and Gu, Guolin and Bezdenezhnykh, Tatiana and Bridson-Hubbard, Niamh},
	year = {2022},
	keywords = {ungelesen},
	file = {Darby - The Four Day Week- Assessing Global Trials of Redu.pdf:C\:\\Users\\Patri\\Zotero\\storage\\BRTIJSTZ\\Darby - The Four Day Week- Assessing Global Trials of Redu.pdf:application/pdf},
}

@article{arlinghaus_lange_2021,
	series = {{WISO}},
	title = {Lange {Arbeitszeiten} gefährden physische und psychische {Gesundheit}},
	language = {de},
	number = {44},
	journal = {WISO},
	author = {Arlinghaus, Anna},
	year = {2021},
	keywords = {ungelesen, read by Flip},
	file = {Böhle et al. - 2021 - WIRTSCHAFTS- UND SOZIALPOLITISCHE ZEITSCHRIFT.pdf:C\:\\Users\\Patri\\Zotero\\storage\\UFZPQNUF\\Böhle et al. - 2021 - WIRTSCHAFTS- UND SOZIALPOLITISCHE ZEITSCHRIFT.pdf:application/pdf},
}

@techreport{dakiges_psychreport_2023,
	title = {{PSYCHREPORT} 2023 - {Entwicklungen} der psychischen {Erkrankungen} im {Job}: 2012 - 2022},
	url = {https://www.dak.de/dak/download/dak-psychreport-2023-bund-pdf-2608322.pdf},
	language = {de-DE},
	urldate = {2024-03-18},
	author = {DAK/IGES},
	year = {2023},
	keywords = {gelesen},
	file = {dak-psychreport-2023-bund-pdf-2608322.pdf:C\:\\Users\\Patri\\Zotero\\storage\\KW5Y3TFV\\dak-psychreport-2023-bund-pdf-2608322.pdf:application/pdf},
}

@misc{zup24de_zup24_nodate,
	title = {{ZUP24} {Onlineshop} {Fittings}},
	url = {https://www.zup24.de/Fittings},
	author = {{ZUP24.de}},
}

@misc{puthz_teile-not_2022,
	title = {Teile-{Not} bei {Youngtimern} wird größer},
	url = {https://www.autobild.de/artikel/youngtimer-ersatzteilmangel-16503359.html},
	author = {Puthz, Martin},
	month = oct,
	year = {2022},
}

@article{feid_4-tage-woche_nodate,
	title = {Die 4-{Tage}-{Woche}: {Eine} {Chance} zur {Arbeitgeberpositionierung}?},
	abstract = {Research question: We investigate what effects the 4-day week can have on employees and employers, what differences can be found to the classic 5-day week and whether employers who have already introduced the 4-day week would opt for this model again.},
	language = {de},
	author = {Feid, Laura and Hermanns, Thomas and Muehlfeld, Katrin and Wollscheid, Leah},
	file = {Feid et al. - Die 4-Tage-Woche Eine Chance zur Arbeitgeberposit.pdf:C\:\\Users\\Patri\\Zotero\\storage\\V7B87HLY\\Feid et al. - Die 4-Tage-Woche Eine Chance zur Arbeitgeberposit.pdf:application/pdf},
}

@book{badura_fehlzeiten-report_2004,
	address = {Berlin, Heidelberg},
	title = {Fehlzeiten-{Report} 2003: {Wettbewerbsfaktor} {Work}-{Life}-{Balance} {Zahlen}, {Daten}, {Analysen} aus allen {Branchen} der {Wirtschaft}},
	isbn = {978-3-540-40310-4 978-3-662-07193-9},
	shorttitle = {Fehlzeiten-{Report} 2003},
	url = {http://link.springer.com/10.1007/978-3-662-07193-9},
	language = {de},
	urldate = {2024-03-24},
	publisher = {Springer Berlin Heidelberg},
	editor = {Badura, Bernhard and Schellschmidt, Henner and Vetter, Christian},
	year = {2004},
	doi = {10.1007/978-3-662-07193-9},
	file = {Badura et al. - 2004 - Fehlzeiten-Report 2003 Wettbewerbsfaktor Work-Lif.PDF:C\:\\Users\\Patri\\Zotero\\storage\\IKJTRPV6\\Badura et al. - 2004 - Fehlzeiten-Report 2003 Wettbewerbsfaktor Work-Lif.PDF:application/pdf},
}

@book{seiwert_intervall-woche_2020,
	address = {München},
	edition = {Originalausgabe},
	title = {Die {Intervall}-{Woche}: arbeitest du noch, oder lebst du schon?: {Der} einfachste {Weg} zu {NEW} {WORK}},
	isbn = {978-3-426-67598-4},
	shorttitle = {Die {Intervall}-{Woche}},
	abstract = {Zeitmanagement-Experte Lothar Seiwert, Autor der Longseller "Wenn du es eilig hast, gehe langsam" und "Das 1x1 des Zeitmanagement", widmet sich zusammen mit der Wirtschaftsjournalistin Silvia Sperling der aktuellen Arbeitswelt. Beschrieben wird, dass sich der Rhythmus der Arbeitswelt (Stichworte: Digitalisierung, Stress, Überlastung) vielfach nicht mehr mit der "inneren Uhr" (Biorhythmus) der Menschen deckt. Um den äusseren und inneren Rhythmus wieder stärker in Einklang zu bringen, bedarf es einer neuen Arbeitskultur, die v.a. auf Entschleunigung und Pausen (Intervalle) setzt. Vorgestellt wird ein Typenmodell, kombiniert mit jeweils passenden Handlungsstrategien sowie einigen Ideen für neue Organisationsmodelle. Inhaltlich übersichtlich gegliedert, ansprechendes Layout, abwechslungsreiche Gestaltung mit Selbsttests, Beispielen, Themenspecials, Best-Pracitices und konkreten, gut umsetzbaren Handlungshilfen. Trendthema, bekannter Autor, von guter Nachfrage ist auszugehen. Breit empfohlen. (ID-B 40/20). (2)},
	language = {de},
	publisher = {Knaur Balance},
	author = {Seiwert, Lothar and Sperling, Silvia},
	year = {2020},
	file = {Seiwert und Sperling - 2020 - Die Intervall-Woche arbeitest du noch, oder lebst.pdf:C\:\\Users\\Patri\\Zotero\\storage\\LKX7DDVF\\Seiwert und Sperling - 2020 - Die Intervall-Woche arbeitest du noch, oder lebst.pdf:application/pdf},
}

@article{fuest_okonomischen_2023,
	title = {Die ökonomischen {Fallstricke} einer {Viertagewoche}},
	url = {https://www.wiso-net.de/document/WWON__WW_29178740},
	urldate = {2024-03-25},
	author = {Fuest, Clemens Dr.},
	month = jun,
	year = {2023},
	file = {Die_ökonomischen_Fallstricke_einer_Viertagewoche_.pdf:C\:\\Users\\Patri\\Zotero\\storage\\PSGACEYW\\Die_ökonomischen_Fallstricke_einer_Viertagewoche_.pdf:application/pdf},
}

@article{jansen-preilowski_arbeitszeitgestaltung_2020,
	title = {Arbeitszeitgestaltung in der digitalisierten {Arbeitswelt}: {Ein} systematisches {Literatur} {Review} zur {Wirkung} von {Arbeitszeitverkürzung} in {Bezug} auf die psychische {Gesundheit}},
	volume = {51},
	issn = {2366-6145, 2366-6218},
	shorttitle = {Arbeitszeitgestaltung in der digitalisierten {Arbeitswelt}},
	url = {https://link.springer.com/10.1007/s11612-020-00530-0},
	doi = {10.1007/s11612-020-00530-0},
	abstract = {In this systematic literature review in the special edition “Digitalisierte Arbeitswelt” of the journal “Gruppe. Interaktion. Organisation. (GIO)” we analyzed the relationship between worktime reduction and psychological health. A total of 114 papers were identiﬁed and three qualitative, nine quantitative studies and one mixed method studies were included. It was found that a shortening in working time with remaining salary can have a positive inﬂuence on work stressors and work related stress reactions. In the primary studies were three different implementation categories of the worktime reduction identiﬁed: I. without any changes in processes, II. no changes in processes combined with additional employees or III. changes in processes without additional employees. Yet, there is no general overall implementation strategy, we suggest organizations/employers to organize the shortening of working hours and to identify possibilities to optimize tasks and processes beforehand (III.).},
	language = {de},
	number = {3},
	urldate = {2024-03-30},
	journal = {Gruppe. Interaktion. Organisation. Zeitschrift für Angewandte Organisationspsychologie (GIO)},
	author = {Jansen-Preilowski, Virgilia V. and Paruzel, Agnieszka and Maier, Günter W.},
	month = sep,
	year = {2020},
	pages = {331--343},
	file = {Jansen-Preilowski et al. - 2020 - Arbeitszeitgestaltung in der digitalisierten Arbei.pdf:C\:\\Users\\Patri\\Zotero\\storage\\VD453KSA\\Jansen-Preilowski et al. - 2020 - Arbeitszeitgestaltung in der digitalisierten Arbei.pdf:application/pdf},
}

@techreport{4_day_week_limited_4_2023,
	title = {4 {Day} {Week} {Global} {Report} - 12 {Months} {On}},
	url = {https://www.4dayweek.com/long-term-2023-pilot-results},
	urldate = {2024-03-29},
	author = {{4 Day Week Limited}},
	year = {2023},
	file = {4+Day+Week+Global+Report+-+12+Months+On.pdf:C\:\\Users\\Patri\\Zotero\\storage\\J5DEAZZM\\4+Day+Week+Global+Report+-+12+Months+On.pdf:application/pdf},
}

@article{navajo_technical_university_competency_2022,
	title = {Competency and {Ability} of {Workers} in {Four} {Day} {Work} {Week}},
	volume = {05},
	issn = {26439840, 26439875},
	url = {https://ijmra.in/v5i8/4.php},
	doi = {10.47191/ijmra/v5-i8-04},
	abstract = {Creating a sustainable work environment has been a very big strategy for the HR retention policies. Work places where employees are given some relief in terms of work hours or now even days has proved to be very helpful in the efficiency of workers. Studies have been conducted on 4 day work week policies of workers across the world and the conclusion has been very positive and has supported the four day work week policy. Very often we come across people who are tired and their working efficiency decreases with increased level of fatigue and lack of family time. Lack of work life balance has been the most common reason of attrition irrespective of geography and profession. Considering this scenario, human resource management leaders have been promoting the four day week work policy for all the employees in their company. This paper would study the benefits and challenges observed with the four day work week policy. The study would highlight the feasibility of this practice in the long run.},
	language = {en},
	number = {08},
	urldate = {2024-03-29},
	journal = {International Journal of Multidisciplinary Research and Analysis},
	author = {{Navajo Technical University}},
	month = aug,
	year = {2022},
	file = {Navajo Technical University - 2022 - Competency and Ability of Workers in Four Day Work.pdf:C\:\\Users\\Patri\\Zotero\\storage\\D5GIP2KP\\Navajo Technical University - 2022 - Competency and Ability of Workers in Four Day Work.pdf:application/pdf},
}

@misc{limesurvey_gmbh_limesurvey_nodate,
	title = {{LimeSurvey} — {Free} {Online} {Survey} {Tool}},
	url = {https://www.limesurvey.org/de},
	urldate = {2024-03-31},
	author = {{LimeSurvey GmbH}},
	file = {LimeSurvey — Free Online Survey Tool:C\:\\Users\\Patri\\Zotero\\storage\\3SWMVVPD\\de.html:text/html},
}

@misc{ibm_spss_nodate,
	title = {{SPSS} {Software} {\textbar} {IBM}},
	url = {https://www.ibm.com/de-de/spss},
	urldate = {2024-03-31},
	author = {IBM},
	file = {SPSS Software | IBM:C\:\\Users\\Patri\\Zotero\\storage\\JAKI7YWR\\spss.html:text/html},
}

@misc{sadovnik_4-tage-woche_2023,
	title = {4-{Tage}-{Woche}: {Auch} in {Deutschland} realistisch?},
	shorttitle = {4-{Tage}-{Woche}},
	url = {https://www.stepstone.de/magazin/artikel/4-tage-woche-das-arbeitszeitmodell-von-morgen},
	abstract = {Die 4-Tage-Woche als Arbeitszeitmodell: Welche Vorteile und Nachteile birgt sie und ist sie auch in Deutschland umsetzbar?},
	language = {de},
	urldate = {2024-03-31},
	journal = {Stepstone},
	author = {Sadovnik, Natalia},
	month = jul,
	year = {2023},
	file = {Snapshot:C\:\\Users\\Patri\\Zotero\\storage\\EIMCB36Q\\4-tage-woche-das-arbeitszeitmodell-von-morgen.html:text/html},
}

@misc{junk_arbeitszeit_2023,
	title = {Arbeitszeit: {Woher} kommt die {Fünf}-{Tage}-{Woche}?},
	shorttitle = {Arbeitszeit},
	url = {https://designerdock.com/dockblog/arbeitszeit-woher-kommt-die-fuenf-tage-woche},
	language = {de},
	urldate = {2024-03-31},
	author = {Junk, Kevin},
	month = may,
	year = {2023},
	file = {Snapshot:C\:\\Users\\Patri\\Zotero\\storage\\U5TFBQJL\\arbeitszeit-woher-kommt-die-fuenf-tage-woche.html:text/html},
}

@article{hans_bockler_stiftung_studien_2023,
	title = {Studien zu {Homeoffice} und mobiler {Arbeit}},
	url = {https://www.boeckler.de/de/auf-einen-blick-17945-Auf-einen-Blick-Studien-zu-Homeoffice-und-mobiler-Arbeit-28040.htm},
	language = {de},
	author = {{Hans Böckler Stiftung}},
	month = mar,
	year = {2023},
	file = {Studien zu Homeoffice und mobiler Arbeit - Hans-Bö.pdf:C\:\\Users\\Patri\\Zotero\\storage\\HCZZRWHM\\Studien zu Homeoffice und mobiler Arbeit - Hans-Bö.pdf:application/pdf},
}

@article{michael_kroger_fachkraftemangel_2023,
	title = {Fachkräftemangel zwingt {Betriebe} zu mehr {Familienfreundlichkeit}},
	url = {https://www.spiegel.de/wirtschaft/fachkraeftemangel-zwingt-betriebe-zu-mehr-familienfreundlichkeit-a-ea80f402-786c-4b4e-a5af-544d09fc8f50},
	author = {{Michael Kröger}},
	month = nov,
	year = {2023},
}

@misc{wolter_fachkraftemangel_2024,
	title = {Fachkräftemangel: {Was} {Arbeitgeber} dagegen tun},
	url = {https://www.personalwirtschaft.de/news/fachkraeftemangel-was-arbeitgeber-dagegen-tun-168607/},
	urldate = {2024-04-01},
	author = {Wolter, Ute},
	month = jan,
	year = {2024},
}

@misc{hansen_gesunder_2024,
	title = {Gesünder und produktiver dank {Viertagewoche}?},
	url = {https://www.tagesschau.de/wissen/gesundheit/viertagewoche-gesundheit-100.html},
	urldate = {2024-04-01},
	author = {Hansen, Nina},
	month = feb,
	year = {2024},
}

@misc{limesurvey_gmbh_kostenlose_nodate,
	title = {Kostenlose {Hochschulumfrage} und {Hochschulfragebögen}},
	url = {https://www.limesurvey.org/de/loesungen/universitaeten},
	urldate = {2024-04-01},
	author = {{LimeSurvey GmbH}},
}

@article{wilde_methodenspektrum_2006,
	title = {Methodenspektrum der {Wirtschaftsinformatik}},
	language = {de},
	author = {Wilde, Thomas and Hess, Thomas},
	month = jan,
	year = {2006},
	file = {Wilde und Hess - Methodenspektrum der Wirtschaftsinformatik.pdf:C\:\\Users\\Patri\\Zotero\\storage\\6M79F3H2\\Wilde und Hess - Methodenspektrum der Wirtschaftsinformatik.pdf:application/pdf},
}

@techreport{fontinha_four-day_2021,
	title = {The four-day week - {The} pandemic and the evolution of flexible working},
	language = {en},
	author = {Fontinha, Dr Rita and Walker, Professor James},
	year = {2021},
	file = {Fontinha - 2021 - Professor James Walker Director of Research.pdf:C\:\\Users\\Patri\\Zotero\\storage\\U3SHDDC2\\Fontinha - 2021 - Professor James Walker Director of Research.pdf:application/pdf},
}

@misc{ciode_wie_2023,
	title = {Wie die {Generation} {Z} die {Arbeitswelt} verändert},
	url = {https://www.cio.de/a/wie-die-generation-z-die-arbeitswelt-veraendert,3722204},
	urldate = {2024-04-01},
	author = {{CIO.de}},
	month = oct,
	year = {2023},
}

@misc{deloitte_2023_2023,
	title = {2023 {Gen} {Z} and {Millennial} {Survey}},
	url = {https://www.deloitte.com/global/en/issues/work/content/genzmillennialsurvey.html},
	urldate = {2024-04-01},
	author = {{Deloitte}},
	year = {2023},
	file = {deloitte-2023-genz-millennial-survey.pdf:C\:\\Users\\Patri\\Zotero\\storage\\BQRRC3MI\\deloitte-2023-genz-millennial-survey.pdf:application/pdf},
}

@misc{telser_so_2024,
	title = {So können sich junge {Menschen} wirklich für {Arbeit} begeistern},
	url = {https://www.handelsblatt.com/karriere/generation-z-so-koennen-sich-junge-menschen-wirklich-fuer-arbeit-begeistern/29330818.html},
	urldate = {2024-04-04},
	author = {Telser, Franziska},
	month = feb,
	year = {2024},
}

@misc{stewart_four-day_2023,
	title = {Four-day week: ‘major breakthrough’ as most {UK} firms in trial extend changes},
	url = {https://www.theguardian.com/money/2023/feb/21/four-day-week-uk-trial-success-pattern},
	urldate = {2024-04-06},
	author = {Stewart, Heather},
	month = feb,
	year = {2023},
}

@misc{statista_wunschen_2023,
	title = {Wünschen {Sie} sich eine 4-{Tage}-{Woche} mit entsprechend kürzeren {Arbeitszeiten}?},
	url = {https://de.statista.com/statistik/daten/studie/1383464/umfrage/wunsch-nach-einer-4-tage-woche/},
	urldate = {2024-04-06},
	author = {{Statista}},
	month = may,
	year = {2023},
}

@book{amerland_best_2022,
	address = {Wiesbaden},
	series = {essentials},
	title = {Best of springerprofessional.de: {Management} + {Führung}},
	copyright = {https://www.springer.com/tdm},
	isbn = {978-3-658-39461-5 978-3-658-39462-2},
	shorttitle = {Best of springerprofessional.de},
	url = {https://link.springer.com/10.1007/978-3-658-39462-2},
	language = {de},
	urldate = {2024-04-04},
	publisher = {Springer Fachmedien Wiesbaden},
	author = {Amerland, Andrea and Paefgen-Laß, Michaela and Speck, Annette},
	year = {2022},
	doi = {10.1007/978-3-658-39462-2},
	file = {Amerland et al. - 2022 - Best of springerprofessional.de Management + Führ.pdf:C\:\\Users\\Patri\\Zotero\\storage\\ANQBLJYW\\Amerland et al. - 2022 - Best of springerprofessional.de Management + Führ.pdf:application/pdf},
}

@misc{dak_krankenstand_2024,
	title = {Krankenstand 2023 weiter auf {Rekordniveau}},
	url = {https://www.dak.de/presse/bundesthemen/gesundheitsreport/krankenstand-2023-weiter-auf-rekordniveau-_56842},
	abstract = {Hamburg, 19. Januar 2024. Der Krankenstand in Deutschland lag 2023 im zweiten Jahr in Folge auf Rekordniveau. Es gab 13 Prozent mehr Ausfälle als im Vorjahr. Weit über die Hälfte der Arbeitnehmerinnen und Arbeitnehmer hatte von Januar bis Dezember 2023 mindestens eine Krankschreibung. Im Gesamtjahr waren es im Durchschnitt 20 Fehltage pro Kopf. Ausschlaggebend für das hohe Aufkommen waren vor allem Atemwegserkrankungen wie Erkältungen, Bronchitis und Grippe. Zudem gab es einen merklichen Anstieg bei den psychischen Erkrankungen mit einem Plus von 7,4 Prozent. Der Krankenstand lag insgesamt bei 5,5 Prozent. Im Vergleich verschiedener Berufsgruppen hatten Menschen in der Altenpflege den höchsten Wert (7,4 Prozent) gefolgt von Kita-Beschäftigten (7,0 Prozent).},
	language = {de},
	urldate = {2024-04-03},
	journal = {Presse},
	author = {DAK},
	month = jan,
	year = {2024},
	file = {Snapshot:C\:\\Users\\Patri\\Zotero\\storage\\C98G595C\\krankenstand-2023-weiter-auf-rekordniveau-_56842.html:text/html},
}

@misc{visser_welche_2024,
	title = {Welche {Entwicklungen} hält der {Arbeitsmarkt} im {Jahr} 2024 für {Arbeitnehmer}:innen bereit, und wie werden sie sich auswirken?},
	shorttitle = {Welche {Entwicklungen} hält der {Arbeitsmarkt} im {Jahr} 2024 für {Arbeitnehmer}},
	url = {https://www.xing.com/news/articles/welche-entwicklungen-haelt-der-arbeitsmarkt-im-jahr-2024-fuer-arbeitnehmer-innen},
	abstract = {Unter diesen Leitfragen hat XING Ende 2023 eine Studie zum Arbeitsmarkt der Zukunft durchgeführt, für die ca. 1.000 Berufstätige zwischen 18 und 65......},
	language = {de},
	urldate = {2024-04-02},
	author = {Visser, Benjamin},
	year = {2024},
	file = {Snapshot:C\:\\Users\\Patri\\Zotero\\storage\\RK7CF35E\\welche-entwicklungen-haelt-der-arbeitsmarkt-im-jahr-2024-fuer-arbeitnehmer-innen.html:text/html},
}
